%
%  An example of a bibliographical database for bibTeX
%
%  Recommended software for maintenance of *.bib files:
%    JabRef, http://jabref.sourceforge.net/
%
%  BEWARE:
%
%    *  If a name contains a capital letter, which must be kept such,
%       use curly brackets ({T}hailand, {HIV}).
%
%  ===========================================================================
@INPROCEEDINGS{Biber03, 
	author={P. Biber and W. Strasser}, 
	booktitle={Intelligent Robots and Systems, 2003. (IROS 2003). Proceedings. 2003 IEEE/RSJ International Conference on}, 
	title={The normal distributions transform: a new approach to laser scan matching}, 
	year={2003}, 
	volume={3}, 
	pages={2743-2748 vol.3}, 
	doi={10.1109/IROS.2003.1249285}, 
	month={Oct},}

@INPROCEEDINGS{Saarinen13, 
author={J. Saarinen and H. Andreasson and T. Stoyanov and J. Ala-Luhtala and A. J. Lilienthal}, 
booktitle={Robotics and Automation (ICRA), 2013 IEEE International Conference on}, 
title={Normal Distributions Transform Occupancy Maps: Application to large-scale online 3D mapping}, 
year={2013}, 
pages={2233-2238}, 
doi={10.1109/ICRA.2013.6630878}, 
ISSN={1050-4729}, 
month={May},}

@INPROCEEDINGS{Saarinen213, 
author={J. Saarinen and T. Stoyanov and H. Andreasson and A. J. Lilienthal}, 
booktitle={2013 IEEE/RSJ International Conference on Intelligent Robots and Systems}, 
title={Fast 3D mapping in highly dynamic environments using normal distributions transform occupancy maps}, 
year={2013}, 
pages={4694-4701}, 
doi={10.1109/IROS.2013.6697032}, 
ISSN={2153-0858}, 
month={Nov},}

@article{magnusson09,
  title={The three-dimensional normal-distributions transform: an efficient representation for registration, surface analysis, and loop detection},
  author={Magnusson, Martin},
  year={2009},
  publisher={{\"O}rebro universitet}
}
@article{ulas20113d,
  title={A 3D scan matching method based on multi-layered normal distribution transform},
  author={Ulas, Cihan and Temeltas, Hakan},
  journal={IFAC Proceedings Volumes},
  volume={44},
  number={1},
  pages={11602--11607},
  year={2011},
  publisher={Elsevier}
}
@article{Stoyanov01102012,
author = {Stoyanov, Todor and Magnusson, Martin and Andreasson, Henrik and Lilienthal, Achim J}, 
title = {Fast and accurate scan registration through minimization of the distance between compact 3D NDT representations},
volume = {31}, 
number = {12}, 
pages = {1377-1393}, 
year = {2012}, 
doi = {10.1177/0278364912460895}, 
journal = {The International Journal of Robotics Research} 
}

@INPROCEEDINGS{NDTcomparative, 
author={M. Magnusson and N. Vaskevicius and T. Stoyanov and K. Pathak and A. Birk}, 
booktitle={2015 IEEE International Conference on Robotics and Automation (ICRA)}, 
title={Beyond points: Evaluating recent 3D scan-matching algorithms}, 
year={2015}, 
pages={3631-3637}, 
doi={10.1109/ICRA.2015.7139703}, 
ISSN={1050-4729}, 
month={May},
}

@article{chen92ICP,
  title={Object modelling by registration of multiple range images},
  author={Chen, Yang and Medioni, G{\'e}rard},
  journal={Image and vision computing},
  volume={10},
  number={3},
  pages={145--155},
  year={1992},
  publisher={Elsevier}
}

@article{pomerleau2013comparing,
  title={Comparing ICP variants on real-world data sets},
  author={Pomerleau, Fran{\c{c}}ois and Colas, Francis and Siegwart, Roland and Magnenat, St{\'e}phane},
  journal={Autonomous Robots},
  volume={34},
  number={3},
  pages={133--148},
  year={2013},
  publisher={Springer US}
}

@inproceedings{olson2009real,
  title={Real-time correlative scan matching},
  author={Olson, Edwin B},
  booktitle={Robotics and Automation, 2009. ICRA'09. IEEE International Conference on},
  pages={4387--4393},
  year={2009},
  organization={IEEE}
}

@ARTICLE{EKF, 
author={S. Huang and G. Dissanayake}, 
journal={IEEE Transactions on Robotics}, 
title={Convergence and Consistency Analysis for Extended Kalman Filter Based SLAM}, 
year={2007}, 
volume={23}, 
number={5}, 
pages={1036-1049}, 
doi={10.1109/TRO.2007.903811}, 
ISSN={1552-3098}, 
month={Oct},}

@INPROCEEDINGS{FastSlam,
    author = {Michael Montemerlo and Sebastian Thrun and Daphne Koller and Ben Wegbreit},
    title = {FastSLAM: A Factored Solution to the Simultaneous Localization and Mapping Problem},
    booktitle = {In Proceedings of the AAAI National Conference on Artificial Intelligence},
    year = {2002},
    pages = {593--598},
    publisher = {AAAI}
}

@article{Rao-PF,
 author = {Grisetti, G. and Stachniss, C. and Burgard, W.},
 title = {Improved Techniques for Grid Mapping With Rao-Blackwellized Particle Filters},
 journal = {Trans. Rob.},
 issue_date = {February 2007},
 volume = {23},
 number = {1},
 month = feb,
 year = {2007},
 issn = {1552-3098},
 pages = {34--46},
 numpages = {13},
 doi = {10.1109/TRO.2006.889486},
 acmid = {2211962},
 publisher = {IEEE Press},
}

@article{LuMilios,
  title={Globally consistent range scan alignment for environment mapping},
  author={Lu, Feng and Milios, Evangelos},
  journal={Autonomous robots},
  volume={4},
  number={4},
  pages={333--349},
  year={1997},
  publisher={Springer}
}

@inproceedings{OlsonGS,
  title={Fast iterative alignment of pose graphs with poor initial estimates},
  author={Olson, Edwin and Leonard, John and Teller, Seth},
  booktitle={Proceedings 2006 IEEE International Conference on Robotics and Automation, 2006. ICRA 2006.},
  pages={2262--2269},
  year={2006},
  organization={IEEE}
}

@article{Olson2009Loop,
 author = {Olson, Edwin},
 title = {Recognizing Places Using Spectrally Clustered Local Matches},
 journal = {Robot. Auton. Syst.},
 issue_date = {December, 2009},
 volume = {57},
 number = {12},
 month = dec,
 year = {2009},
 issn = {0921-8890},
 pages = {1157--1172},
 numpages = {16},
 doi = {10.1016/j.robot.2009.07.021},
 acmid = {1652203},
 publisher = {North-Holland Publishing Co.},
 address = {Amsterdam, The Netherlands, The Netherlands},
} 

@INPROCEEDINGS{RobustOpt, 
author={N. SÃ¼nderhauf and P. Protzel}, 
booktitle={Robotics and Automation (ICRA), 2013 IEEE International Conference on}, 
title={Switchable constraints vs. max-mixture models vs. RRR - A comparison of three approaches to robust pose graph SLAM}, 
year={2013}, 
pages={5198-5203}, 
doi={10.1109/ICRA.2013.6631320}, 
ISSN={1050-4729}, 
month={May},}

@article{GraphTutorial,
  title={A tutorial on graph-based SLAM},
  author={Grisetti, Giorgio and Kummerle, Rainer and Stachniss, Cyrill and Burgard, Wolfram},
  journal={IEEE Intelligent Transportation Systems Magazine},
  volume={2},
  number={4},
  pages={31--43},
  year={2010},
  publisher={IEEE}
}

@INPROCEEDINGS{NDTOMFusion, 
author={T. Stoyanov and J. Saarinen and H. Andreasson and A. J. Lilienthal}, 
booktitle={2013 IEEE/RSJ International Conference on Intelligent Robots and Systems}, 
title={Normal Distributions Transform Occupancy Map fusion: Simultaneous mapping and tracking in large scale dynamic environments}, 
year={2013}, 
pages={4702-4708}, 
doi={10.1109/IROS.2013.6697033}, 
ISSN={2153-0858}, 
month={Nov},}

@article{MITDataset,
author = {Fallon, Maurice and Johannsson, Hordur and Kaess, Michael and Leonard, John J}, 
title = {The MIT Stata Center dataset},
volume = {32}, 
number = {14}, 
pages = {1695-1699}, 
year = {2013}, 
doi = {10.1177/0278364913509035}, 
journal = {The International Journal of Robotics Research} 
}

@INPROCEEDINGS{Hector,
  author = {S. Kohlbrecher and J. Meyer and O. von Stryk and U. Klingauf},
  title = {A Flexible and Scalable SLAM System with Full 3D Motion Estimation},
  year = {2011},
  month = {November},
  booktitle = {Proc. IEEE International Symposium on Safety, Security and Rescue Robotics (SSRR)},
  organization = {IEEE},
}

@ARTICLE{gmapping, 
author={G. Grisetti and C. Stachniss and W. Burgard}, 
journal={IEEE Transactions on Robotics}, 
title={Improved Techniques for Grid Mapping With Rao-Blackwellized Particle Filters}, 
year={2007}, 
volume={23}, 
number={1}, 
pages={34-46}, 
keywords={SLAM (robots);mobile robots;particle filtering (numerical methods);Rao-Blackwellized particle filters;grid mapping;mobile robots;particle depletion;simultaneous localization and mapping problem;Computer science;Contracts;Distributed computing;Mobile robots;Orbital robotics;Particle filters;Proposals;Robot sensing systems;Simultaneous localization and mapping;Uncertainty;Adaptive resampling;Rao-Blackwellized particle filter (RBPF);improved proposal;motion model;simultaneous localization and mapping (SLAM)}, 
doi={10.1109/TRO.2006.889486}, 
ISSN={1552-3098}, 
month={Feb},}

@inproceedings{g2o,
  author = {Kuemmerle, R. and Grisetti, G. and Strasdat, H. and Konolige, K. and
     Burgard, W.},
  title = {g2o: A General Framework for Graph Optimization},
  booktitle = {Proceedings of the IEEE International Conference on Robotics and Automation (ICRA)},
  year = {2011},
  month = {May},
  pages={3607--3613},
  address = {Shanghai, China},
  doi = {10.1109/ICRA.2011.5979949}
}

@InProceedings{pcl,
  author    = {Radu Bogdan Rusu and Steve Cousins},
  title     = {{3D is here: Point Cloud Library (PCL)}},
  booktitle = {{IEEE International Conference on Robotics and Automation (ICRA)}},
  month     = {May 9-13},
  year      = {2011},
  address   = {Shanghai, China}
}

 @MISC{eigenweb,
  author = {Ga\"{e}l Guennebaud and Beno\^{i}t Jacob and others},
  title = {Eigen v3},
  howpublished = {http://eigen.tuxfamily.org},
  year = {2010}
 }
 
 @conference {ros_papper,
 	title = {ROS: an open-source Robot Operating System},
 	booktitle = {ICRA Workshop on Open Source Software},
 	year = {2009},
 	attachments = {http://www.willowgarage.com/sites/default/files/icraoss09-ROS.pdf},
 	author = {Morgan Quigley and Ken Conley and Brian P. Gerkey and Josh Faust and Tully Foote and Jeremy Leibs and Rob Wheeler and Andrew Y. Ng}
 }
